<?xml version="1.0" encoding="UTF-8"?><collection xmlns="http://www.loc.gov/MARC21/slim"><record><leader>00619nam--2200181-i-4500</leader><controlfield tag="001">000048909</controlfield><controlfield tag="002">20161230</controlfield><controlfield tag="005">20161230201047</controlfield><controlfield tag="008">060222s1000------------r-----000-0-eng-d</controlfield><datafield ind1=" " ind2=" " tag="040"><subfield code="a">IFIN-HH</subfield></datafield><datafield ind1=" " ind2=" " tag="080"><subfield code="a">551.510-721(061.3):623.454.8(061.3)</subfield></datafield><datafield ind1="1" ind2=" " tag="100"><subfield code="a">Klement,Alfredw</subfield></datafield><datafield ind1="1" ind2="0" tag="245"><subfield code="a">Radioactive fallout from nuclear weapons tests</subfield><subfield code="b">Proceedings of the second conference germantown, maryland, november 3-6, 1964</subfield><subfield code="c">Alfred w. klement jr. (ed.)</subfield></datafield><datafield ind1=" " ind2=" " tag="260"><subfield code="a">Oak Ridge</subfield><subfield code="b">U.S.Atomic Energy Commission</subfield><subfield code="c">1965</subfield></datafield><datafield ind1=" " ind2=" " tag="300"><subfield code="a">953P</subfield></datafield><datafield ind1=" " ind2=" " tag="490"><subfield code="a">Aec Symposium Series</subfield></datafield><datafield ind1=" " ind2=" " tag="852"><subfield code="a">37696</subfield><subfield code="c">623.454.8</subfield></datafield><datafield ind1=" " ind2=" " tag="CAT"><subfield code="a">Sys</subfield><subfield code="c">20130411</subfield><subfield code="h">131328</subfield></datafield></record></collection>